%! Author = mbaddar
%! Date = 4/25/24

@misc{ho2020denoising,
      title={Denoising Diffusion Probabilistic Models},
      author={Jonathan Ho and Ajay Jain and Pieter Abbeel},
      year={2020},
      eprint={2006.11239},
      archivePrefix={arXiv},
      primaryClass={cs.LG}
}

@misc{WhatareD38:online,
author = {},
title = {What are Diffusion Models? | Lil'Log},
howpublished = {\url{https://lilianweng.github.io/posts/2021-07-11-diffusion-models/}},
month = {},
year = {},
note = {(Accessed on 04/25/2024)}
}
@misc{sohldickstein2015deep_diffusion_model_main_paper,
      title={Deep Unsupervised Learning using Nonequilibrium Thermodynamics},
      author={Jascha Sohl-Dickstein and Eric A. Weiss and Niru Maheswaranathan and Surya Ganguli},
      year={2015},
      eprint={1503.03585},
      archivePrefix={arXiv},
      primaryClass={cs.LG}
}
